@inproceedings{cave2011habanero,
  title={Habanero-{J}ava: the new adventures of old {X}10},
  author={Cav{\'e}, Vincent and Zhao, Jisheng and Shirako, Jun and Sarkar, Vivek},
  booktitle={Proceedings of the 9th International Conference on Principles and Practice of Programming in Java},
  pages={51--61},
  year={2011},
  organization={ACM},
  annote = "\input{../refs/cave2011habanero}"
}
@inproceedings{imam2014habanero,
  title={Habanero-{J}ava library: a {J}ava 8 framework for multicore programming},
  author={Imam, Shams and Sarkar, Vivek},
  booktitle={Proceedings of the 2014 International Conference on Principles and Practices of Programming on the Java platform: Virtual machines, Languages, and Tools},
  pages={75--86},
  year={2014},
  organization={ACM},
  annote = "\input{../refs/imam2014habanero}"
}
@article{anderson2014jpf,
  title={J{PF} verification of {H}abanero {J}ava programs},
  author={Anderson, Peter and Chase, Brandon and Mercer, Eric},
  journal={ACM SIGSOFT Software Engineering Notes},
  volume={39},
  number={1},
  pages={1--7},
  year={2014},
  publisher={ACM},
  annote = "\input{../refs/anderson2014jpf}"
}

@article{charles2005x10,
  title={X10: an object-oriented approach to non-uniform cluster computing},
  author={Charles, Philippe and Grothoff, Christian and Saraswat, Vijay and Donawa, Christopher and Kielstra, Allan and Ebcioglu, Kemal and Von Praun, Christoph and Sarkar, Vivek},
  journal={Acm Sigplan Notices},
  volume={40},
  number={10},
  pages={519--538},
  year={2005},
  publisher={ACM},
  annote = "\input{../refs/charles2005x10}"
}
@article{chamberlain2007parallel,
  title={Parallel programmability and the {c}hapel language},
  author={Chamberlain, Bradford L and Callahan, David and Zima, Hans P},
  journal={International Journal of High Performance Computing Applications},
  volume={21},
  number={3},
  pages={291--312},
  year={2007},
  publisher={SAGE Publications},
  annote = "\input{../refs/chamberlain2007parallel}"
}
@article{blumofe1996cilk,
  title={Cilk: An efficient multithreaded runtime system},
  author={Blumofe, Robert D and Joerg, Christopher F and Kuszmaul, Bradley C and Leiserson, Charles E and Randall, Keith H and Zhou, Yuli},
  journal={Journal of parallel and distributed computing},
  volume={37},
  number={1},
  pages={55--69},
  year={1996},
  publisher={Elsevier},
  annote = "\input{../refs/blumofe1996cilk}"
}
@inproceedings{gligoric2012x10x,
  title={X10{X}: {M}odel checking a new programming language with an "old" model checker},
  author={Gligoric, Milos and Mehlitz, Peter C and Marinov, Darko},
  booktitle={Software Testing, Verification and Validation (ICST), 2012 IEEE Fifth International Conference on},
  pages={11--20},
  year={2012},
  organization={IEEE},
  annote = "\input{../refs/gligoric2012x10x}"
}
@article{zirkel2013automated,
  title={Automated {V}erification of {C}hapel {P}rograms Using {M}odel {C}hecking and {S}ymbolic {E}xecution.},
  author={Zirkel, Timothy K and Siegel, Stephen F and McClory, Timothy},
  journal={NASA Formal Methods},
  volume={7871},
  pages={198--212},
  year={2013},
  publisher={Springer},
  annote = "\input{../refs/zirkel2013automated}"
}
@article{bouajjani2012analysis,
  title={Analysis of recursively parallel programs},
  author={Bouajjani, Ahmed and Emmi, Michael},
  journal={ACM SIGPLAN Notices},
  volume={47},
  number={1},
  pages={203--214},
  year={2012},
  publisher={ACM},
  annote = "\input{../refs/bouajjani2012analysis}"
}
@inproceedings{klein2012run,
  title={Run your research: on the effectiveness of lightweight mechanization},
  author={Klein, Casey and Clements, John and Dimoulas, Christos and Eastlund, Carl and Felleisen, Matthias and Flatt, Matthew and McCarthy, Jay A and Rafkind, Jon and Tobin-Hochstadt, Sam and Findler, Robert Bruce},
  booktitle={ACM SIGPLAN Notices},
  volume={47},
  number={1},
  pages={285--296},
  year={2012},
  organization={ACM},
  annote = "\input{../refs/klein2012run}"
}
@incollection{lu2011toward,
  title={Toward a formal semantic framework for deterministic parallel programming},
  author={Lu, Li and Scott, Michael L},
  booktitle={Distributed Computing},
  pages={460--474},
  year={2011},
  publisher={Springer},
  annote = "\input{../refs/lu2011toward}"
}
@inproceedings{dennis2012determinacy,
  title={Determinacy and repeatability of parallel program schemata},
  author={Dennis, Jack B and Gao, Guang R and Sarkar, Vivek},
  booktitle={Data-Flow Execution Models for Extreme Scale Computing (DFM), 2012},
  pages={1--9},
  year={2012},
  organization={IEEE},
  annote = "\input{../refs/dennis2012determinacy}"
}
@article{netzer1992race,
  title={What are race conditions?: {S}ome issues and formalizations},
  author={Netzer, Robert HB and Miller, Barton P},
  journal={ACM Letters on Programming Languages and Systems (LOPLAS)},
  volume={1},
  number={1},
  pages={74--88},
  year={1992},
  publisher={ACM},
  annote = "\input{../refs/netzer1992race}"
}
@inproceedings{banerjee2006theory,
  title={A theory of data race detection},
  author={Banerjee, Utpal and Bliss, Brian and Ma, Zhiqiang and Petersen, Paul},
  booktitle={Proceedings of the 2006 workshop on Parallel and distributed systems: testing and debugging},
  pages={69--78},
  year={2006},
  organization={ACM},
  annote = "\input{../refs/banerjee2006theory}"
}
@article{bocchino2009type,
  title={A type and effect system for {D}eterministic {P}arallel {J}ava},
  author={Bocchino Jr, Robert L and Adve, Vikram S and Dig, Danny and Adve, Sarita V and Heumann, Stephen and Komuravelli, Rakesh and Overbey, Jeffrey and Simmons, Patrick and Sung, Hyojin and Vakilian, Mohsen},
  journal={ACM Sigplan Notices},
  volume={44},
  number={10},
  pages={97--116},
  year={2009},
  publisher={ACM},
  annote = "\input{../refs/bocchino2009type}"
}
@inproceedings{kahlon2010universal,
  title={Universal causality graphs: {A} precise happens-before model for detecting bugs in concurrent programs},
  author={Kahlon, Vineet and Wang, Chao},
  booktitle={Computer Aided Verification},
  pages={434--449},
  year={2010},
  organization={Springer},
  annote = "\input{../refs/kahlon2010universal}"
}
@inproceedings{burnim2009asserting,
  title={Asserting and checking determinism for multithreaded programs},
  author={Burnim, Jacob and Sen, Koushik},
  booktitle={Proceedings of the the 7th joint meeting of the European software engineering conference and the ACM SIGSOFT symposium on The foundations of software engineering},
  pages={3--12},
  year={2009},
  organization={ACM},
  annote = "\input{../refs/burnim2009asserting}"
}
@inproceedings{burnim2010determin,
  title={{DETERMIN}: inferring likely deterministic specifications of multithreaded programs},
  author={Burnim, Jacob and Sen, Koushik},
  booktitle={Proceedings of the 32nd ACM/IEEE International Conference on Software Engineering-Volume 1},
  pages={415--424},
  year={2010},
  organization={ACM},
  annote = "\input{../refs/burnim2010determin}"
}
@inproceedings{nistor2010instantcheck,
  title={Instantcheck: {C}hecking the determinism of parallel programs using on-the-fly incremental hashing},
  author={Nistor, Adrian and Marinov, Darko and Torrellas, Josep},
  booktitle={Proceedings of the 2010 43rd Annual IEEE/ACM International Symposium on Microarchitecture},
  pages={251--262},
  year={2010},
  organization={IEEE Computer Society},
  annote = "\input{../refs/nistor2010instantcheck}"
}
@incollection{vechev2011automatic,
  title={Automatic verification of determinism for structured parallel programs},
  author={Vechev, Martin and Yahav, Eran and Raman, Raghavan and Sarkar, Vivek},
  booktitle={Static Analysis},
  pages={455--471},
  year={2011},
  publisher={Springer},
  annote = "\input{../refs/vechev2011automatic}"
}
@article{savage1997eraser,
  title={Eraser: A dynamic data race detector for multithreaded programs},
  author={Savage, Stefan and Burrows, Michael and Nelson, Greg and Sobalvarro, Patrick and Anderson, Thomas},
  journal={ACM Transactions on Computer Systems (TOCS)},
  volume={15},
  number={4},
  pages={391--411},
  year={1997},
  publisher={ACM},
  annote = "\input{../refs/savage1997eraser}"
}
@inproceedings{kahlon2009static,
  title={Static data race detection for concurrent programs with asynchronous calls},
  author={Kahlon, Vineet and Sinha, Nishant and Kruus, Erik and Zhang, Yun},
  booktitle={Proceedings of the the 7th joint meeting of the European software engineering conference and the ACM SIGSOFT symposium on The foundations of software engineering},
  pages={13--22},
  year={2009},
  organization={ACM},
  annote = "\input{../refs/kahlon2009static}"
}
@inproceedings{flanagan2009fasttrack,
  title={Fast{T}rack: efficient and precise dynamic race detection},
  author={Flanagan, Cormac and Freund, Stephen N},
  booktitle={ACM Sigplan Notices},
  volume={44},
  number={6},
  pages={121--133},
  year={2009},
  organization={ACM},
  annote = "\input{../refs/flanagan2009fasttrack}"
}
@inproceedings{engler2003racerx,
  title={Racer{X}: effective, static detection of race conditions and deadlocks},
  author={Engler, Dawson and Ashcraft, Ken},
  booktitle={ACM SIGOPS Operating Systems Review},
  volume={37},
  number={5},
  pages={237--252},
  year={2003},
  organization={ACM},
  annote = "\input{../refs/engler2003racerx}"
}
@inproceedings{sen2006cute,
  title={CUTE and jCUTE: Concolic unit testing and explicit path model-checking tools},
  author={Sen, Koushik and Agha, Gul},
  booktitle={Computer Aided Verification},
  pages={419--423},
  year={2006},
  organization={Springer},
  annote = "\input{../refs/sen2006cute}"
}
@inproceedings{jayaraman2009jfuzz,
  title={jFuzz: A Concolic Whitebox Fuzzer for Java.},
  author={Jayaraman, Karthick and Harvison, David and Ganesh, Vijay and Kiezun, Adam},
  booktitle={NASA Formal Methods},
  pages={121--125},
  year={2009},
  annote = "\input{../refs/jayaraman2009jfuzz}"
}
@inproceedings{godefroid2005dart,
  title={DART: directed automated random testing},
  author={Godefroid, Patrice and Klarlund, Nils and Sen, Koushik},
  booktitle={ACM Sigplan Notices},
  volume={40},
  number={6},
  pages={213--223},
  year={2005},
  organization={ACM},
  annote = "\input{../refs/godefroid2005dart}"
}

@techreport{Forum:1994:MMI:898758,
 author = {Forum, Message P},
 title = {M{PI}: A {M}essage-{P}assing {I}nterface {S}tandard},
 year = {1994},
 source = {http://www.ncstrl.org:8900/ncstrl/servlet/search?formname=detail\&id=oai%3Ancstrlh%3Autk_cs%3Ancstrl.utk_cs%2F%2FUT-CS-94-230},
 publisher = {University of Tennessee},
 address = {Knoxville, TN, USA},
 annote = "\input{../refs/MPI}"
}

@article{dagum1998openmp,
  title={OpenMP: an industry standard API for shared-memory programming},
  author={Dagum, Leonardo and Menon, Ramesh},
  journal={Computational Science \& Engineering, IEEE},
  volume={5},
  number={1},
  pages={46--55},
  year={1998},
  publisher={IEEE},
  annote = "\input{../refs/dagum1998openmp}"
}
@manual{JPF,
      title  = "{J}ava {P}ath {F}inder",
      author = "NASA Ames Research Center",
      note   = "{http:\/\/babelfish.arc.nasa.gov/trac/jpf/wiki}",
      year   = "2005",
      annote = "\input{../refs/JPF}"
}
@book{miller1988mechanism,
  title={A mechanism for efficient debugging of parallel programs},
  author={Miller, Barton P and Choi, Jong-Deok},
  volume={23},
  number={7},
  year={1988},
  publisher={ACM},
  annote = "\input{../refs/miller1988mechanism}"
}
